@inproceedings{IEFMPDD,
	title={Overview of the FIRE 2016 Microblog track: Information Extraction from Microblogs Posted during Disasters},
	author={Ghosh, Saptarshi and Ghosh, Kripabandhu},
	journal={Working notes of FIRE},
	pages={7--10},
	year={2016}
}
@inproceedings{MarkDredze,
	title={Entity disambiguation for knowledge base population},
	author={Dredze, Mark and McNamee, Paul and Rao, Delip and Gerber, Adam and Finin, Tim},
	booktitle={Proceedings of the 23rd International Conference on Computational Linguistics},
	pages={277--285},
	year={2010},
	organization={Association for Computational Linguistics}
}
@misc{Yih,
	title={Semantic parsing via staged query graph generation: Question answering with knowledge base},
	author={Yih, Scott Wen-tau and Chang, Ming-Wei and He, Xiaodong and Gao, Jianfeng},
	year={2015},
	url={https://www.microsoft.com/en-us/research/wp-content/uploads/2016/02/ACL15-STAGG.pdf}
}
@inproceedings{Xiaohua,
	title={Entity Linking for Tweets.},
	author={Liu, Xiaohua and Li, Yitong and Wu, Haocheng and Zhou, Ming and Wei, Furu and Lu, Yi},
	booktitle={ACL (1)},
	pages={1304--1311},
	year={2013}
}
@inproceedings{LLEWKB,
	title={Learning to link entities with knowledge base},
	author={Zheng, Zhicheng and Li, Fangtao and Huang, Minlie and Zhu, Xiaoyan},
	booktitle={Human Language Technologies: The 2010 Annual Conference of the North American Chapter of the Association for Computational Linguistics},
	pages={483--491},
	year={2010},
	organization={Association for Computational Linguistics}
}
@inproceedings{ELNDSCM,
	title={Entity linking and name disambiguation using SVM in chinese micro-blogs},
	author={Fu, JinLan and Qiu, Jie and Guo, Yunlong and Li, Li},
	booktitle={Natural Computation (ICNC), 2015 11th International Conference on},
	pages={468--472},
	year={2015},
	organization={IEEE}
}
@inproceedings{ELKTULASR,
	title={Entity Linking Korean Text: An Unsupervised Learning Approach using Semantic Relations.},
	author={Kim, Youngsik and Choi, Key-Sun},
	booktitle={CoNLL},
	pages={132--141},
	year={2015}
}
@inproceedings{UAKGQCL,
	title={Using a knowledge graph and query click logs for unsupervised learning of relation detection},
	author={Hakkani-T{\"u}r, Dilek and Heck, Larry and Tur, Gokhan},
	booktitle={Acoustics, Speech and Signal Processing (ICASSP), 2013 IEEE International Conference on},
	pages={8327--8331},
	year={2013},
	organization={IEEE}
}
@article{ALMNERICT,
	title={A study of active learning methods for named entity recognition in clinical text},
	author={Chen, Yukun and Lasko, Thomas A and Mei, Qiaozhu and Denny, Joshua C and Xu, Hua},
	journal={Journal of biomedical informatics},
	volume={58},
	pages={11--18},
	year={2015},
	publisher={Elsevier}
}
@inproceedings{SCALRHRTC,
	title={Scalability of Continuous Active Learning for Reliable High-Recall Text Classification},
	author={Cormack, Gordon V and Grossman, Maura R},
	booktitle={Proceedings of the 25th ACM International on Conference on Information and Knowledge Management},
	pages={1039--1048},
	year={2016},
	organization={ACM}
}
@article{ALSWSDIM,
	title={Applying active learning to supervised word sense disambiguation in MEDLINE},
	author={Chen, Yukun and Cao, Hongxin and Mei, Qiaozhu and Zheng, Kai and Xu, Hua},
	journal={Journal of the American Medical Informatics Association},
	volume={20},
	number={5},
	pages={1001--1006},
	year={2013},
	publisher={The Oxford University Press}
}
@article{UALHGC,
	title={Unsupervised active learning based on hierarchical graph-theoretic clustering},
	author={Hu, Weiming and Hu, Wei and Xie, Nianhua and Maybank, Steve},
	journal={IEEE Transactions on Systems, Man, and Cybernetics, Part B (Cybernetics)},
	volume={39},
	number={5},
	pages={1147--1161},
	year={2009},
	publisher={IEEE}
}
@inproceedings{CLELBBTM,
	title={Cross Lingual Entity Linking with Bilingual Topic Model.},
	author={Zhang, Tao and Liu, Kang and Zhao, Jun and others},
	booktitle={IJCAI},
	year={2013}
}
@inproceedings{RWNERST,
	title={Results of the wnut16 named entity recognition shared task},
	author={Strauss, Benjamin and Toma, Bethany E and Ritter, Alan and de Marneffe, Marie-Catherine and Xu, Wei},
	booktitle={Proceedings of the 2nd Workshop on Noisy User-generated Text},
	pages={138--144},
	year={2016}
}
@article{NEROEHRTCDA,
	title={Named Entity Recognition Over Electronic Health Records Through a Combined Dictionary-based Approach},
	author={Quimbaya, Alexandra Pomares and M{\'u}nera, Alejandro Sierra and Rivera, Rafael Andr{\'e}s Gonz{\'a}lez and Rodr{\'\i}guez, Juli{\'a}n Camilo Daza and Velandia, Oscar Mauricio Mu{\~n}oz and Pe{\~n}a, Angel Alberto Garcia and Labb{\'e}, Cyril},
	journal={Procedia Computer Science},
	volume={100},
	pages={55--61},
	year={2016},
	publisher={Elsevier}
}
@inproceedings{RHENERCCBEL,
	title={Reducing Human Effort in Named Entity Corpus Construction Based on Ensemble Learning and Annotation Categorization},
	author={Lu, Tingming and Zhu, Man and Gao, Zhiqiang},
	booktitle={International Conference on Computer Processing of Oriental Languages},
	pages={263--274},
	year={2016},
	organization={Springer}
}
@article{EELWW,
	title={Evaluating entity linking with Wikipedia},
	author={Hachey, Ben and Radford, Will and Nothman, Joel and Honnibal, Matthew and Curran, James R},
	journal={Artificial intelligence},
	volume={194},
	pages={130--150},
	year={2013},
	publisher={Elsevier}
}
@inproceedings{CELWTGBM,
	title={Collective entity linking in web text: a graph-based method},
	author={Han, Xianpei and Sun, Le and Zhao, Jun},
	booktitle={Proceedings of the 34th international ACM SIGIR conference on Research and development in Information Retrieval},
	pages={765--774},
	year={2011},
	organization={ACM}
}
@incollection{ELFEEKB,
	title={Entity linking: Finding extracted entities in a knowledge base},
	author={Rao, Delip and McNamee, Paul and Dredze, Mark},
	booktitle={Multi-source, multilingual information extraction and summarization},
	pages={93--115},
	year={2013},
	publisher={Springer}
}
@article{ELKBITS,
	title={Entity linking with a knowledge base: Issues, techniques, and solutions},
	author={Shen, Wei and Wang, Jianyong and Han, Jiawei},
	journal={IEEE Transactions on Knowledge and Data Engineering},
	volume={27},
	number={2},
	pages={443--460},
	year={2015},
	publisher={IEEE}
}
@inproceedings{ELFT,
	title={Entity Linking for Tweets.},
	author={Liu, Xiaohua and Li, Yitong and Wu, Haocheng and Zhou, Ming and Wei, Furu and Lu, Yi},
	booktitle={ACL (1)},
	pages={1304--1311},
	year={2013}
}
@inproceedings{ELNDUSCM,
	title={Entity linking and name disambiguation using SVM in chinese micro-blogs},
	author={Fu, JinLan and Qiu, Jie and Guo, Yunlong and Li, Li},
	booktitle={Natural Computation (ICNC), 2015 11th International Conference on},
	pages={468--472},
	year={2015},
	organization={IEEE}
}
@incollection{FNEDLSBKB,
	title={ICRC-DSEDL: A Film Named Entity Discovery and Linking System Based on Knowledge Bases},
	author={Zhao, YaHui and Li, Haodi and Chen, Qingcai and Hu, Jianglu and Zhang, Guangpeng and Huang, Dong and Tang, Buzhou},
	booktitle={Knowledge Graph and Semantic Computing: Semantic, Knowledge, and Linked Big Data},
	pages={205--213},
	year={2016},
	publisher={Springer}
}
@inproceedings{SRUR,
	title={Subset ranking using regression},
	author={Cossock, David and Zhang, Tong},
	booktitle={International Conference on Computational Learning Theory},
	pages={605--619},
	year={2006},
	organization={Springer}
}
@inproceedings{AMIRSBOR,
	title={A mathematical information retrieval system based on RankBoost},
	author={Yuan, Ke and Gao, Liangcai and Wang, Yuehan and Yi, Xiaohan and Tang, Zhi},
	booktitle={Digital Libraries (JCDL), 2016 IEEE/ACM Joint Conference on},
	pages={259--260},
	year={2016},
	organization={IEEE}
}
@inproceedings{ESLRES,
	title={An Empirical Study of Learning to Rank for Entity Search},
	author={Chen, Jing and Xiong, Chenyan and Callan, Jamie},
	booktitle={Proceedings of the 39th International ACM SIGIR conference on Research and Development in Information Retrieval},
	pages={737--740},
	year={2016},
	organization={ACM}
}
@inproceedings{ADRFPS,
	title={Adapting deep ranknet for personalized search},
	author={Song, Yang and Wang, Hongning and He, Xiaodong},
	booktitle={Proceedings of the 7th ACM international conference on Web search and data mining},
	pages={83--92},
	year={2014},
	organization={ACM}
}
@inproceedings{LTRFPATLA,
	title={Learning to rank: from pairwise approach to listwise approach},
	author={Cao, Zhe and Qin, Tao and Liu, Tie-Yan and Tsai, Ming-Feng and Li, Hang},
	booktitle={Proceedings of the 24th international conference on Machine learning},
	pages={129--136},
	year={2007},
	organization={ACM}
}
@article{tong2006fast,
	title={Fast random walk with restart and its applications},
	author={Hanghang, Tong and Christos, Faloutsos. and Jia-yu, Pan},
	year={2006},
	publisher={IEEE}
}
@inproceedings{lewis1994heterogeneous,
	title={Heterogeneous uncertainty sampling for supervised learning},
	author={Lewis, David D and Catlett, Jason},
	booktitle={Proceedings of the eleventh international conference on machine learning},
	pages={148--156},
	year={1994}
}
@article{muslea2006active,
	title={Active learning with multiple views},
	author={Muslea, Ion and Minton, Steven and Knoblock, Craig A},
	journal={Journal of Artificial Intelligence Research},
	volume={27},
	pages={203--233},
	year={2006}
}
@article{freund1997selective,
	title={Selective sampling using the query by committee algorithm},
	author={Freund, Yoav and Seung, H Sebastian and Shamir, Eli and Tishby, Naftali},
	journal={Machine learning},
	volume={28},
	number={2},
	pages={133--168},
	year={1997},
	publisher={Springer}
}
@inproceedings{hoffart2013discovering,
	title={Discovering and disambiguating named entities in text},
	author={Hoffart, Johannes},
	booktitle={Proceedings of the 2013 SIGMOD/PODS Ph. D. symposium},
	pages={43--48},
	year={2013},
	organization={ACM}
}
@inproceedings{tjong2003introduction,
	title={Introduction to the CoNLL-2003 shared task: Language-independent named entity recognition},
	author={Tjong Kim Sang, Erik F and De Meulder, Fien},
	booktitle={Proceedings of the seventh conference on Natural language learning at HLT-NAACL 2003-Volume 4},
	pages={142--147},
	year={2003},
	organization={Association for Computational Linguistics}
}
@inproceedings{cormack2016scalability,
	title={Scalability of Continuous Active Learning for Reliable High-Recall Text Classification},
	author={Cormack, Gordon V and Grossman, Maura R},
	booktitle={Proceedings of the 25th ACM International on Conference on Information and Knowledge Management},
	pages={1039--1048},
	year={2016},
	organization={ACM}
}
@article{chen2015study,
	title={A study of active learning methods for named entity recognition in clinical text},
	author={Chen, Yukun and Lasko, Thomas A and Mei, Qiaozhu and Denny, Joshua C and Xu, Hua},
	journal={Journal of biomedical informatics},
	volume={58},
	pages={11--18},
	year={2015},
	publisher={Elsevier}
}
@inproceedings{alonso2015active,
	title={Active learning for sense annotation},
	author={Alonso, H{\'e}ctor Mart{\'\i}nez and Plank, Barbara and Johannsen, Anders and S{\o}gaard, Anders},
	booktitle={Proceedings of the 20th Nordic Conference of Computational Linguistics, NODALIDA 2015, May 11-13, 2015, Vilnius, Lithuania},
	number={109},
	pages={245--249},
	year={2015},
	organization={Link{\"o}ping University Electronic Press}
}
@article{settles2012active,
	title={Active learning},
	author={Settles, Burr},
	journal={Synthesis Lectures on Artificial Intelligence and Machine Learning},
	volume={6},
	number={1},
	pages={1--114},
	year={2012},
	publisher={Morgan \& Claypool Publishers}
}
@article{schein2007active,
	title={Active learning for logistic regression: an evaluation},
	author={Schein, Andrew I and Ungar, Lyle H},
	journal={Machine Learning},
	volume={68},
	number={3},
	pages={235--265},
	year={2007},
	publisher={Springer}
}
@article{张涛2015GraphEL,
	title={一种基于图模型的维基概念相似度计算方法及其在实体链接系统中的应用},
	author={张涛 and 刘康 and 赵军},
	journal={中文信息学报},
	volume={29},
	number={2},
	pages={58--67},
	year={2015}
}
@inproceedings{pedersen2005name,
	title={Name discrimination by clustering similar contexts},
	author={Pedersen, Ted and Purandare, Amruta and Kulkarni, Anagha},
	booktitle={International Conference on Intelligent Text Processing and Computational Linguistics},
	pages={226--237},
	year={2005},
	organization={Springer}
}
@inproceedings{hu2009understanding,
	title={Understanding user's query intent with wikipedia},
	author={Hu, Jian and Wang, Gang and Lochovsky, Fred and Sun, Jian-tao and Chen, Zheng},
	booktitle={Proceedings of the 18th international conference on World wide web},
	pages={471--480},
	year={2009},
	organization={ACM}
}
@book{李航2012统计学习方法,
	title={统计学习方法},
	author={李航},
	publisher={清华大学出版社, 北京},
	year={2012},
	pages={95--114}
}
@inproceedings{ravuri2016comparative,
	title={A comparative study of recurrent neural network models for lexical domain classification},
	author={Ravuri, Suman and Stolcke, Andreas},
	booktitle={Acoustics, Speech and Signal Processing (ICASSP), 2016 IEEE International Conference on},
	pages={6075--6079},
	year={2016},
	organization={IEEE}
}
@inproceedings{li2016linking,
	title={Linking Named Entity in a Question with DBpedia Knowledge Base},
	author={Li, Huiying and Shi, Jing},
	booktitle={Joint International Semantic Technology Conference},
	pages={263--270},
	year={2016},
	organization={Springer}
}
@inproceedings{xu2007adarank,
	title={Adarank: a boosting algorithm for information retrieval},
	author={Xu, Jun and Li, Hang},
	booktitle={Proceedings of the 30th annual international ACM SIGIR conference on Research and development in information retrieval},
	pages={391--398},
	year={2007},
	organization={ACM}
}
@inproceedings{yue2007support,
	title={A support vector method for optimizing average precision},
	author={Yue, Yisong and Finley, Thomas and Radlinski, Filip and Joachims, Thorsten},
	booktitle={Proceedings of the 30th annual international ACM SIGIR conference on Research and development in information retrieval},
	pages={271--278},
	year={2007},
	organization={ACM}
}
@article{burges2010ranknet,
	title={From ranknet to lambdarank to lambdamart: An overview},
	author={Burges, Christopher JC},
	journal={Learning},
	volume={11},
	number={23-581},
	pages={81},
	year={2010}
}
@inproceedings{ji2010overview,
	title={Overview of the TAC 2010 knowledge base population track},
	author={Ji, Heng and Grishman, Ralph and Dang, Hoa Trang and Griffitt, Kira and Ellis, Joe},
	booktitle={Third Text Analysis Conference (TAC 2010)},
	volume={3},
	number={2},
	pages={3--3},
	year={2010}
}
@inproceedings{ayache2008video,
	title={Video corpus annotation using active learning},
	author={Ayache, St{\'e}phane and Qu{\'e}not, Georges},
	booktitle={European Conference on Information Retrieval},
	pages={187--198},
	year={2008},
	organization={Springer}
}